
@book{Knuth1986,
  timestamp = {2018-12-20T15:42:27Z},
  address = {Reading, Mass},
  series = {Computers \& typesetting},
  title = {The {{TeXbook}}},
  isbn = {978-0-201-13447-6 978-0-201-13448-3},
  lccn = {Z253.4.T47 K58 1986},
  number = {A},
  publisher = {{Addison-Wesley}},
  author = {Knuth, Donald Ervin},
  year = {1986},
  keywords = {Computer programs,Computerized typesetting,Mathematics printing,TeX (Computer file)}
}


@book{Lamport1986,
	timestamp = {2018-12-20T15:52:23Z},
	address = {Reading, Mass},
	title = {{{LATEX}}: A Document Preparation System},
	isbn = {978-0-201-15790-1},
	lccn = {Z253.4.L38 L35 1986},
	shorttitle = {{{LATEX}}},
	publisher = {{Addison-Wesley Pub. Co}},
	author = {Lamport, Leslie},
	year = {1986},
	keywords = {Computerized typesetting,LaTeX (Computer file)}
}




